@book{wu2009mixed,
  title={Mixed effects models for complex data},
  author={Wu, Lang},
  year={2009},
  publisher={CRC press}
}